% Encoding: UTF-8

@Article{ML_indoor,
  author  = {Fargas, Bernat Carbones and Petersen, Martin Nordal},
  title   = {GPS-free Geolocation using LoRa in Low-Power WANs},
  journal = {Proceedings of 2017 Global Internet of Things Summit (GIoTS)},
  year    = {2017},
}

@TechReport{ML_algo,
  author      = {Sinem, Bozkurt and Gulin, Elibol and Serkan, Gunal and Ugur, Yayan},
  title       = {A Comparative Study on Machine Learning algorithms for Indoor Positioning},
  institution = {This work is supported by The Scientific and Technological Research Council of Turkey (TUBITAK) under grant number 1130024},
  year        = {2015},
}

@TechReport{ML_UWB,
  author      = {Henk, Wymeersch and Stefano, Maran√≤ and Wesley, M. Gifford and Moe, Z. Win},
  title       = {A Machine Learning Approach to Ranging Error Mitigation for UWB Localization},
  institution = {Belgian American Education Foundation, the Charles Stark Draper Laboratory Robust Distributed Sensor Networks Program, the Office of Naval Research Young Investigator Award N00014-03-1-0489, and the National Science Foundation under Grants ANI-0335256 and ECCS-0636519.},
  year        = {2012},
  journal     = {Chalmers Publication Library},
}

@Article{CP_RSS,
  author  = {Khuong and Nguyen},
  title   = {A performance guaranteed indoor positioning system using conformal prediction and the WiFi signal strength},
  journal = {Journal of Information and Telecommunication, 1:1, 41-65, DOI: 10.1080/24751839.2017.1295659},
  year    = {2017},
  url     = {https://doi.org/10.1080/24751839.2017.1295659},
}

@TechReport{INPOS,
  author      = {Luca, Mainetti and Luigi, Patrono and Ilaria, Sergi},
  title       = {A Survey on Indoor Positioning Systems},
  institution = {University of Salento Lecce, ITALY},
}

@Comment{jabref-meta: databaseType:bibtex;}
